%YAML 1.1
%TAG !u! tag:unity3d.com,2011:
--- !u!1 &2568200435477243409
GameObject:
  m_ObjectHideFlags: 0
  m_CorrespondingSourceObject: {fileID: 646451202484965853, guid: e7c7cf922e8d49c469ac7c712ea99b40,
    type: 3}
  m_PrefabInstance: {fileID: 7101165911670862057}
  m_PrefabAsset: {fileID: 0}
  serializedVersion: 6
  m_Component:
  - component: {fileID: 7101165911670862056}
  - component: {fileID: 5768891741367647894}
  - component: {fileID: 5504984577021147837}
  - component: {fileID: 8555799012284423696}
  m_Layer: 5
  m_Name: QuickSlotItem
  m_TagString: QuickSlot
  m_Icon: {fileID: 0}
  m_NavMeshLayer: 0
  m_StaticEditorFlags: 0
  m_IsActive: 1
--- !u!224 &7101165911670862056
RectTransform:
  m_ObjectHideFlags: 0
  m_CorrespondingSourceObject: {fileID: 3781335016535774689, guid: e7c7cf922e8d49c469ac7c712ea99b40,
    type: 3}
  m_PrefabInstance: {fileID: 7101165911670862057}
  m_PrefabAsset: {fileID: 0}
  m_GameObject: {fileID: 2568200435477243409}
  m_LocalRotation: {x: 0, y: 0, z: 0, w: 1}
  m_LocalPosition: {x: 0, y: 0, z: 0}
  m_LocalScale: {x: 1, y: 1, z: 1}
  m_Children: []
  m_Father: {fileID: 0}
  m_RootOrder: 0
  m_LocalEulerAnglesHint: {x: 0, y: 0, z: 0}
  m_AnchorMin: {x: 0.5, y: 0.5}
  m_AnchorMax: {x: 0.5, y: 0.5}
  m_AnchoredPosition: {x: -27.5, y: -80.9}
  m_SizeDelta: {x: 24, y: 24}
  m_Pivot: {x: 0.5, y: 0.5}
--- !u!222 &5768891741367647894
CanvasRenderer:
  m_ObjectHideFlags: 0
  m_CorrespondingSourceObject: {fileID: 5551113698744267218, guid: e7c7cf922e8d49c469ac7c712ea99b40,
    type: 3}
  m_PrefabInstance: {fileID: 7101165911670862057}
  m_PrefabAsset: {fileID: 0}
  m_GameObject: {fileID: 2568200435477243409}
  m_CullTransparentMesh: 0
--- !u!114 &5504984577021147837
MonoBehaviour:
  m_ObjectHideFlags: 0
  m_CorrespondingSourceObject: {fileID: 6391993765771505524, guid: e7c7cf922e8d49c469ac7c712ea99b40,
    type: 3}
  m_PrefabInstance: {fileID: 7101165911670862057}
  m_PrefabAsset: {fileID: 0}
  m_GameObject: {fileID: 2568200435477243409}
  m_Enabled: 1
  m_EditorHideFlags: 0
  m_Script: {fileID: -765806418, guid: f70555f144d8491a825f0804e09c671c, type: 3}
  m_Name: 
  m_EditorClassIdentifier: 
  m_Material: {fileID: 0}
  m_Color: {r: 1, g: 1, b: 1, a: 1}
  m_RaycastTarget: 1
  m_OnCullStateChanged:
    m_PersistentCalls:
      m_Calls: []
    m_TypeName: UnityEngine.UI.MaskableGraphic+CullStateChangedEvent, UnityEngine.UI,
      Version=1.0.0.0, Culture=neutral, PublicKeyToken=null
  m_Sprite: {fileID: 21300254, guid: 234ab44b247073542b175a74acc36870, type: 3}
  m_Type: 0
  m_PreserveAspect: 0
  m_FillCenter: 1
  m_FillMethod: 4
  m_FillAmount: 1
  m_FillClockwise: 1
  m_FillOrigin: 0
  m_UseSpriteMesh: 0
--- !u!114 &8555799012284423696
MonoBehaviour:
  m_ObjectHideFlags: 0
  m_CorrespondingSourceObject: {fileID: 8297335265143340297, guid: e7c7cf922e8d49c469ac7c712ea99b40,
    type: 3}
  m_PrefabInstance: {fileID: 7101165911670862057}
  m_PrefabAsset: {fileID: 0}
  m_GameObject: {fileID: 2568200435477243409}
  m_Enabled: 1
  m_EditorHideFlags: 0
  m_Script: {fileID: 1392445389, guid: f70555f144d8491a825f0804e09c671c, type: 3}
  m_Name: 
  m_EditorClassIdentifier: 
  m_Navigation:
    m_Mode: 3
    m_SelectOnUp: {fileID: 0}
    m_SelectOnDown: {fileID: 0}
    m_SelectOnLeft: {fileID: 0}
    m_SelectOnRight: {fileID: 0}
  m_Transition: 1
  m_Colors:
    m_NormalColor: {r: 1, g: 1, b: 1, a: 1}
    m_HighlightedColor: {r: 0.9607843, g: 0.9607843, b: 0.9607843, a: 1}
    m_PressedColor: {r: 0.78431374, g: 0.78431374, b: 0.78431374, a: 1}
    m_DisabledColor: {r: 0.78431374, g: 0.78431374, b: 0.78431374, a: 0.5019608}
    m_ColorMultiplier: 1
    m_FadeDuration: 0.1
  m_SpriteState:
    m_HighlightedSprite: {fileID: 0}
    m_PressedSprite: {fileID: 0}
    m_DisabledSprite: {fileID: 0}
  m_AnimationTriggers:
    m_NormalTrigger: Normal
    m_HighlightedTrigger: Highlighted
    m_PressedTrigger: Pressed
    m_DisabledTrigger: Disabled
  m_Interactable: 1
  m_TargetGraphic: {fileID: 5504984577021147837}
  m_OnClick:
    m_PersistentCalls:
      m_Calls:
      - m_Target: {fileID: 2568200435477243409}
        m_MethodName: 
        m_Mode: 1
        m_Arguments:
          m_ObjectArgument: {fileID: 0}
          m_ObjectArgumentAssemblyTypeName: 
          m_IntArgument: 0
          m_FloatArgument: 0
          m_StringArgument: 
          m_BoolArgument: 0
        m_CallState: 2
    m_TypeName: UnityEngine.UI.Button+ButtonClickedEvent, UnityEngine.UI, Version=1.0.0.0,
      Culture=neutral, PublicKeyToken=null
--- !u!1001 &7101165911670862057
PrefabInstance:
  m_ObjectHideFlags: 0
  serializedVersion: 2
  m_Modification:
    m_TransformParent: {fileID: 0}
    m_Modifications:
    - target: {fileID: 646451202484965853, guid: e7c7cf922e8d49c469ac7c712ea99b40,
        type: 3}
      propertyPath: m_Name
      value: QuickSlotItem
      objectReference: {fileID: 0}
    - target: {fileID: 3781335016535774689, guid: e7c7cf922e8d49c469ac7c712ea99b40,
        type: 3}
      propertyPath: m_LocalPosition.x
      value: 0
      objectReference: {fileID: 0}
    - target: {fileID: 3781335016535774689, guid: e7c7cf922e8d49c469ac7c712ea99b40,
        type: 3}
      propertyPath: m_LocalPosition.y
      value: 0
      objectReference: {fileID: 0}
    - target: {fileID: 3781335016535774689, guid: e7c7cf922e8d49c469ac7c712ea99b40,
        type: 3}
      propertyPath: m_LocalPosition.z
      value: 0
      objectReference: {fileID: 0}
    - target: {fileID: 3781335016535774689, guid: e7c7cf922e8d49c469ac7c712ea99b40,
        type: 3}
      propertyPath: m_LocalRotation.x
      value: 0
      objectReference: {fileID: 0}
    - target: {fileID: 3781335016535774689, guid: e7c7cf922e8d49c469ac7c712ea99b40,
        type: 3}
      propertyPath: m_LocalRotation.y
      value: 0
      objectReference: {fileID: 0}
    - target: {fileID: 3781335016535774689, guid: e7c7cf922e8d49c469ac7c712ea99b40,
        type: 3}
      propertyPath: m_LocalRotation.z
      value: 0
      objectReference: {fileID: 0}
    - target: {fileID: 3781335016535774689, guid: e7c7cf922e8d49c469ac7c712ea99b40,
        type: 3}
      propertyPath: m_LocalRotation.w
      value: 1
      objectReference: {fileID: 0}
    - target: {fileID: 3781335016535774689, guid: e7c7cf922e8d49c469ac7c712ea99b40,
        type: 3}
      propertyPath: m_RootOrder
      value: 6
      objectReference: {fileID: 0}
    - target: {fileID: 3781335016535774689, guid: e7c7cf922e8d49c469ac7c712ea99b40,
        type: 3}
      propertyPath: m_LocalEulerAnglesHint.x
      value: 0
      objectReference: {fileID: 0}
    - target: {fileID: 3781335016535774689, guid: e7c7cf922e8d49c469ac7c712ea99b40,
        type: 3}
      propertyPath: m_LocalEulerAnglesHint.y
      value: 0
      objectReference: {fileID: 0}
    - target: {fileID: 3781335016535774689, guid: e7c7cf922e8d49c469ac7c712ea99b40,
        type: 3}
      propertyPath: m_LocalEulerAnglesHint.z
      value: 0
      objectReference: {fileID: 0}
    - target: {fileID: 3781335016535774689, guid: e7c7cf922e8d49c469ac7c712ea99b40,
        type: 3}
      propertyPath: m_AnchoredPosition.x
      value: -27.5
      objectReference: {fileID: 0}
    - target: {fileID: 3781335016535774689, guid: e7c7cf922e8d49c469ac7c712ea99b40,
        type: 3}
      propertyPath: m_AnchoredPosition.y
      value: -80.9
      objectReference: {fileID: 0}
    - target: {fileID: 3781335016535774689, guid: e7c7cf922e8d49c469ac7c712ea99b40,
        type: 3}
      propertyPath: m_SizeDelta.x
      value: 24
      objectReference: {fileID: 0}
    - target: {fileID: 3781335016535774689, guid: e7c7cf922e8d49c469ac7c712ea99b40,
        type: 3}
      propertyPath: m_SizeDelta.y
      value: 24
      objectReference: {fileID: 0}
    - target: {fileID: 3781335016535774689, guid: e7c7cf922e8d49c469ac7c712ea99b40,
        type: 3}
      propertyPath: m_AnchorMin.x
      value: 0.5
      objectReference: {fileID: 0}
    - target: {fileID: 3781335016535774689, guid: e7c7cf922e8d49c469ac7c712ea99b40,
        type: 3}
      propertyPath: m_AnchorMin.y
      value: 0.5
      objectReference: {fileID: 0}
    - target: {fileID: 3781335016535774689, guid: e7c7cf922e8d49c469ac7c712ea99b40,
        type: 3}
      propertyPath: m_AnchorMax.x
      value: 0.5
      objectReference: {fileID: 0}
    - target: {fileID: 3781335016535774689, guid: e7c7cf922e8d49c469ac7c712ea99b40,
        type: 3}
      propertyPath: m_AnchorMax.y
      value: 0.5
      objectReference: {fileID: 0}
    - target: {fileID: 3781335016535774689, guid: e7c7cf922e8d49c469ac7c712ea99b40,
        type: 3}
      propertyPath: m_Pivot.x
      value: 0.5
      objectReference: {fileID: 0}
    - target: {fileID: 3781335016535774689, guid: e7c7cf922e8d49c469ac7c712ea99b40,
        type: 3}
      propertyPath: m_Pivot.y
      value: 0.5
      objectReference: {fileID: 0}
    - target: {fileID: 8297335265143340297, guid: e7c7cf922e8d49c469ac7c712ea99b40,
        type: 3}
      propertyPath: m_OnClick.m_PersistentCalls.m_Calls.Array.size
      value: 1
      objectReference: {fileID: 0}
    - target: {fileID: 8297335265143340297, guid: e7c7cf922e8d49c469ac7c712ea99b40,
        type: 3}
      propertyPath: m_OnClick.m_PersistentCalls.m_Calls.Array.data[0].m_Mode
      value: 1
      objectReference: {fileID: 0}
    - target: {fileID: 8297335265143340297, guid: e7c7cf922e8d49c469ac7c712ea99b40,
        type: 3}
      propertyPath: m_OnClick.m_PersistentCalls.m_Calls.Array.data[0].m_CallState
      value: 2
      objectReference: {fileID: 0}
    m_RemovedComponents: []
  m_SourcePrefab: {fileID: 100100000, guid: e7c7cf922e8d49c469ac7c712ea99b40, type: 3}
